@article{article,
author = {M. Radiuk, Pavlo},
year = {2017},
month = {12},
pages = {},
title = {Impact of Training Set Batch Size on the Performance of Convolutional Neural Networks for Diverse Datasets},
volume = {20},
journal = {Information Technology and Management Science},
doi = {10.1515/itms-2017-0003}
}